<?xml version="1.0" encoding="UTF-8"?><record xmlns="http://www.loc.gov/MARC21/slim" xmlns:cinclude="http://apache.org/cocoon/include/1.0" xmlns:zs="http://www.loc.gov/zing/srw/">
  <leader>00590cz  a2200145n  4500</leader>
  <controlfield tag="001">nr 95023403 </controlfield>
  <controlfield tag="003">DLC</controlfield>
  <controlfield tag="005">20130316102908.0</controlfield>
  <controlfield tag="008">950626n| azannaab           |b ana     c</controlfield>
  <datafield tag="010" ind1=" " ind2=" ">
    <subfield code="a">nr 95023403 </subfield>
  </datafield>
  <datafield tag="040" ind1=" " ind2=" ">
    <subfield code="a">NjP</subfield>
    <subfield code="b">eng</subfield>
    <subfield code="e">rda</subfield>
    <subfield code="c">NjP</subfield>
    <subfield code="d">DLC</subfield>
  </datafield>
  <datafield tag="110" ind1="2" ind2=" ">
    <subfield code="a">National Association of Manufacturers (U.S.).</subfield>
    <subfield code="b">Industrial Relations Department</subfield>
  </datafield>
  <datafield tag="410" ind1="2" ind2=" ">
    <subfield code="w">nnea</subfield>
    <subfield code="a">National Association of Manufacturers (U.S.).</subfield>
    <subfield code="b">Industrial Relations Dept.</subfield>
  </datafield>
  <datafield tag="510" ind1="2" ind2=" ">
    <subfield code="w">r</subfield>
    <subfield code="i">Hierarchical superior:</subfield>
    <subfield code="a">National Association of Manufacturers (U.S.)</subfield>
  </datafield>
  <datafield tag="670" ind1=" " ind2=" ">
    <subfield code="a">Food stamps for strikers, 1974:</subfield>
    <subfield code="b">t.p. (NAM, Industrial Relations Department)</subfield>
  </datafield>
</record>